<?xml version="1.0" encoding="UTF-8"?><collection xmlns="http://www.loc.gov/MARC21/slim"><record><leader>00337nam--2200133-i-4500</leader><controlfield tag="001">000033758</controlfield><controlfield tag="002">20161230</controlfield><controlfield tag="005">20161230201039</controlfield><controlfield tag="008">060222s1000------------r-----000-0-eng-d</controlfield><datafield ind1=" " ind2=" " tag="080"><subfield code="a">621.382</subfield></datafield><datafield ind1=" " ind2=" " tag="100"><subfield code="a">Marston, R. M</subfield></datafield><datafield ind1=" " ind2=" " tag="245"><subfield code="a">110 thyristor projects using s.c.r. and triacs</subfield></datafield><datafield ind1=" " ind2=" " tag="260"><subfield code="a">London, Iliffe Books, 1972. 138p</subfield></datafield><datafield ind1=" " ind2=" " tag="852"><subfield code="a">42046</subfield></datafield></record></collection>